<?xml version="1.0" encoding="UTF-8"?><collection xmlns="http://www.loc.gov/MARC21/slim"><record><leader>00469nam--2200169-i-4500</leader><controlfield tag="001">000030168</controlfield><controlfield tag="002">20161230</controlfield><controlfield tag="005">20170129225833</controlfield><controlfield tag="008">060222s1000------------r-----000-0-eng-d</controlfield><datafield ind1=" " ind2=" " tag="100"><subfield code="a">Lowan, Arnold N</subfield></datafield><datafield ind1=" " ind2=" " tag="245"><subfield code="a">Table of coefficients in numerical integration formulae</subfield></datafield><datafield ind1=" " ind2=" " tag="260"><subfield code="a">[New York]</subfield><subfield code="c">1943</subfield></datafield><datafield ind1=" " ind2=" " tag="300"><subfield code="a">49-50 p</subfield></datafield><datafield ind1=" " ind2=" " tag="490"><subfield code="a">Reprinted From Journal Of Mathematics And Physics</subfield></datafield><datafield ind1=" " ind2=" " tag="700"><subfield code="a">Salzer, Herbert E</subfield></datafield><datafield ind1=" " ind2=" " tag="852"><subfield code="a">1686</subfield></datafield><datafield ind1=" " ind2=" " tag="CAT"><subfield code="a">SYS</subfield><subfield code="c">20170129</subfield><subfield code="h">225833</subfield></datafield></record></collection>